@inproceedings{yang2002super,
  title={Super-resolution using preconditioned conjugate gradient method},
  author={Yang, Changjiang and Duraiswami, Ramani and Davis, Larry S},
  booktitle={Second International Conference on Image and Graphics},
  pages={591--598},
  year={2002},
  organization={International Society for Optics and Photonics}
}

@book{szeliski2010computer,
  title={Computer vision: algorithms and applications},
  author={Szeliski, Richard},
  year={2010},
  publisher={Springer}
}

@inproceedings{chen2000small,
  title={How small should pixel size be?},
  author={Chen, Ting and Catrysse, Peter B and El Gamal, Abbas and Wandell, Brian A},
  booktitle={Electronic Imaging},
  pages={451--459},
  year={2000},
  organization={International Society for Optics and Photonics}
}

@misc{Pacman,
  title={The Pac-Man Projects},
  howpublished = {\url{http://ai.berkeley.edu/project_overview.html}}
}